@article{adler2011ensemble,
  title =	 {Ensemble classification of paired data},
  author =	 {Adler, Werner and Brenning, Alexander and Potapov,
                  Sergej and Schmid, Matthias and Lausen, Berthold},
  journal =	 {Computational Statistics \& Data Analysis},
  volume =	 55,
  number =	 5,
  pages =	 {1933--1941},
  year =	 2011,
  publisher =	 {Elsevier}
}

@article{beck1998beyond,
  title =	 {Beyond linearity by default: Generalized additive
                  models},
  author =	 {Beck, Nathaniel and Jackman, Simon},
  journal =	 {American Journal of Political Science},
  volume =	 42,
  pages =	 {596--627},
  year =	 1998,
  publisher =	 {University of Texas Press}
}

@article{beck2000improving,
  title =	 {Improving quantitative studies of international
                  conflict: A conjecture},
  author =	 {Beck, Nathaniel and King, Gary and Zeng, Langche},
  journal =	 {American Political Science Review},
  pages =	 {21--35},
  year =	 2000,
  publisher =	 {JSTOR}
}

@book{berk2008statistical,
  title =	 {Statistical learning from a regression perspective},
  author =	 {Berk, Richard A},
  year =	 2008,
  publisher =	 {Springer}
}

@book{breiman1984classification,
  title =	 {Classification and regression trees},
  author =	 {Breiman, Leo and Friedman, Jerome and Stone, Charles
                  J and Olshen, Richard A},
  year =	 1984,
  publisher =	 {CRC press}
}

@article{breiman1996bagging,
  title =	 {Bagging predictors},
  author =	 {Breiman, Leo},
  journal =	 {Machine learning},
  volume =	 24,
  number =	 2,
  pages =	 {123--140},
  year =	 1996,
  publisher =	 {Springer}
}

@article{breiman2001random,
  title =	 {Random forests},
  author =	 {Breiman, Leo},
  journal =	 {Machine learning},
  volume =	 45,
  number =	 1,
  pages =	 {5--32},
  year =	 2001,
  publisher =	 {Springer}
}

@article{breiman2001statistical,
  ajournal =	 "Statistical Science",
  author =	 "Breiman, Leo",
  doi =		 "10.1214/ss/1009213726",
  journal =	 "Statistical Science",
  month =	 08,
  number =	 3,
  pages =	 "199--231",
  publisher =	 "The Institute of Mathematical Statistics",
  title =	 "Statistical Modeling: The Two Cultures (with
                  comments and a rejoinder by the author)",
  url =		 "http://dx.doi.org/10.1214/ss/1009213726",
  volume =	 16,
  year =	 2001
}

@article{hainmueller2013kernel,
  title =	 {Kernel Regularized Least Squares: Reducing
                  Misspecification Bias with a Flexible and
                  Interpretable Machine Learning Approach},
  author =	 {Hainmueller, Jens and Hazlett, Chad},
  journal =	 {Political Analysis},
  pages =	 {mpt019},
  year =	 2013,
  publisher =	 {SPM-PMSAPSA}
}

@article{hajjem2011mixed,
  title =	 {Mixed effects regression trees for clustered data},
  author =	 {Hajjem, Ahlem and Bellavance, Fran{\c{c}}ois and
                  Larocque, Denis},
  journal =	 {Statistics \& probability letters},
  volume =	 81,
  number =	 4,
  pages =	 {451--459},
  year =	 2011,
  publisher =	 {Elsevier}
}

@article{hajjem2014mixed,
  title =	 {Mixed-effects random forest for clustered data},
  author =	 {Hajjem, Ahlem and Bellavance, Fran{\c{c}}ois and
                  Larocque, Denis},
  journal =	 {Journal of Statistical Computation and Simulation},
  volume =	 84,
  number =	 6,
  pages =	 {1313--1328},
  year =	 2014,
  publisher =	 {Taylor \& Francis}
}

@book{hastie2009elements,
  title =	 {The elements of statistical learning},
  author =	 {Hastie, Trevor and Tibshirani, Robert and Friedman,
                  Jerome and Hastie, T and Friedman, J and Tibshirani,
                  R},
  volume =	 2,
  number =	 1,
  year =	 2009,
  publisher =	 {Springer}
}

@article{hill2014empirical,
  title =	 {An Empirical Evaluation of Explanations for State
                  Repression},
  author =	 {Hill Jr., Daniel W. and Jones, Zachary M.},
  journal =	 {American Political Science Reivew},
  volume =	 108,
  number =	 3,
  pages =	 {1--27},
  year =	 2014,
  publisher =	 {Oxford University Press}
}

@article{honaker2010missing,
  title =	 {What to do about missing values in time-series
                  cross-section data},
  author =	 {Honaker, James and King, Gary},
  journal =	 {American Journal of Political Science},
  volume =	 54,
  number =	 2,
  pages =	 {561--581},
  year =	 2010,
  publisher =	 {Wiley Online Library}
}

@article{hothorn2006unbiased,
  title =	 {Unbiased recursive partitioning: A conditional
                  inference framework},
  author =	 {Hothorn, Torsten and Hornik, Kurt and Zeileis,
                  Achim},
  journal =	 {Journal of Computational and Graphical Statistics},
  volume =	 15,
  number =	 3,
  year =	 2006
}

@article{ishwaran2008random,
  title =	 {Random survival forests},
  author =	 {Ishwaran, Hemant and Kogalur, Udaya B and
                  Blackstone, Eugene H and Lauer, Michael S},
  journal =	 {The Annals of Applied Statistics},
  volume =	 2,
  number =	 3,
  pages =	 {841--860},
  year =	 2008,
  publisher =	 {JSTOR}
}

@article{ishwaran2011random,
  title =	 {Random survival forests for high-dimensional data},
  author =	 {Ishwaran, Hemant and Kogalur, Udaya B and Chen, Xi
                  and Minn, Andy J},
  journal =	 {Statistical analysis and data mining},
  volume =	 4,
  number =	 1,
  pages =	 {115--132},
  year =	 2011,
  publisher =	 {Wiley Online Library}
}

@article{karpievitch2009introspective,
  title =	 {An introspective comparison of random forest-based
                  classifiers for the analysis of cluster-correlated
                  data by way of RF++},
  author =	 {Karpievitch, Yuliya V and Hill, Elizabeth G and
                  Leclerc, Anthony P and Dabney, Alan R and Almeida,
                  Jonas S},
  journal =	 {PloS one},
  volume =	 4,
  number =	 9,
  pages =	 {e7087},
  year =	 2009,
  publisher =	 {Public Library of Science}
}

@article{kenkel2013bootstrapped,
  title =	 {Bootstrapped Basis Regression with Variable
                  Selection: A New Method for Flexible Functional Form
                  Estimation},
  author =	 {Kenkel, Brenton and Signorino, Curtis S},
  journal =	 {Manuscript, University of Rochester},
  year =	 2013
}

@article{loh2013regression,
  title =	 {Regression trees for longitudinal and multiresponse
                  data},
  author =	 {Loh, Wei-Yin and Zheng, Wei},
  journal =	 {The Annals of Applied Statistics},
  volume =	 7,
  number =	 1,
  pages =	 {495--522},
  year =	 2013,
  publisher =	 {Institute of Mathematical Statistics}
}

@book{murphy2012machine,
  title =	 {Machine learning: a probabilistic perspective},
  author =	 {Murphy, Kevin P},
  year =	 2012,
  publisher =	 {The MIT Press}
}

@book{rubin2004multiple,
  title =	 {Multiple imputation for nonresponse in surveys},
  author =	 {Rubin, Donald B},
  volume =	 81,
  year =	 2004,
  publisher =	 {John Wiley \& Sons}
}

@article{shmueli2010explain,
  title =	 {To explain or to predict?},
  author =	 {Shmueli, Galit},
  journal =	 {Statistical Science},
  volume =	 25,
  number =	 3,
  pages =	 {289--310},
  year =	 2010,
  publisher =	 {Institute of Mathematical Statistics}
}

@article{siroky2009navigating,
  title =	 {Navigating random forests and related advances in
                  algorithmic modeling},
  author =	 {Siroky, David S and others},
  journal =	 {Statistics Surveys},
  volume =	 3,
  pages =	 {147--163},
  year =	 2009,
  publisher =	 {The author, under a Creative Commons Attribution
                  License}
}

@article{strobl2007bias,
  title =	 {Bias in random forest variable importance measures:
                  Illustrations, sources and a solution},
  author =	 {Strobl, Carolin and Boulesteix, Anne-Laure and
                  Zeileis, Achim and Hothorn, Torsten},
  journal =	 {BMC bioinformatics},
  volume =	 8,
  number =	 1,
  pages =	 25,
  year =	 2007,
  publisher =	 {BioMed Central Ltd}
}

@article{strobl2008conditional,
  title =	 {Conditional variable importance for random forests},
  author =	 {Strobl, Carolin and Boulesteix, Anne-Laure and
                  Kneib, Thomas and Augustin, Thomas and Zeileis,
                  Achim},
  journal =	 {BMC bioinformatics},
  volume =	 9,
  number =	 1,
  pages =	 307,
  year =	 2008,
  publisher =	 {BioMed Central Ltd}
}

@article{strobl2009introduction,
  title =	 {An introduction to recursive partitioning:
                  rationale, application, and characteristics of
                  classification and regression trees, bagging, and
                  random forests.},
  author =	 {Strobl, Carolin and Malley, James and Tutz, Gerhard},
  journal =	 {Psychological methods},
  volume =	 14,
  number =	 4,
  pages =	 323,
  year =	 2009,
  publisher =	 {American Psychological Association}
}

@article{tibshirani1996regression,
  title =	 {Regression shrinkage and selection via the lasso},
  author =	 {Tibshirani, Robert},
  journal =	 {Journal of the Royal Statistical Society. Series B
                  (Methodological)},
  pages =	 {267--288},
  year =	 1996,
  publisher =	 {JSTOR}
}

@article{varian2013big,
  title =	 {Big Data: New Tricks for Econometrics},
  author =	 {Varian, Hal R},
  year =	 2013
}

@article{ward2010perils,
  title =	 {The perils of policy by p-value: Predicting civil
                  conflicts},
  author =	 {Ward, Michael D and Greenhill, Brian D and Bakke,
                  Kristin M},
  journal =	 {Journal of Peace Research},
  volume =	 47,
  number =	 4,
  pages =	 {363--375},
  year =	 2010,
  publisher =	 {Sage Publications}
}

@book{wood2006generalized,
  title =	 {Generalized additive models: an introduction with R},
  author =	 {Wood, Simon},
  year =	 2006,
  publisher =	 {CRC press}
}
